\% This BibTeX bibliography file was created using BibDesk.
%% http://bibdesk.sourceforge.net/


%% Created for Steve Fienberg at 2013-05-30 22:42:08 -0400 


%% Saved with string encoding Unicode (UTF-8)

@misc{data ,
	author = "Ronny Kohavi, Barry Becker",
	year = "1996",
	title = "{UCI} Machine Learning Repository",
	url = "http://archive.ics.uci.edu/ml",
	institution = "University of California, Irvine, School of Information and Computer Sciences" }

@article{cormode2011differentially,
	title={Differentially private publication of sparse data},
	author={Cormode, Graham and Procopiuc, Magda and Srivastava, Divesh and Tran, Thanh TL},
	journal={arXiv preprint arXiv:1103.0825},
	year={2011}
}